@article{DBLP:journals/lmcs/BansalBRT18,
  author       = {Kshitij Bansal and
                  Clark W. Barrett and
                  Andrew Reynolds and
                  Cesare Tinelli},
  title        = {Reasoning with Finite Sets and Cardinality Constraints in {SMT}},
  journal      = {Log. Methods Comput. Sci.},
  volume       = {14},
  number       = {4},
  year         = {2018},
  url          = {https://doi.org/10.23638/LMCS-14(4:12)2018},
  doi          = {10.23638/LMCS-14(4:12)2018},
  timestamp    = {Sat, 30 Sep 2023 10:20:49 +0200},
  biburl       = {https://dblp.org/rec/journals/lmcs/BansalBRT18.bib},
  bibsource    = {dblp computer science bibliography, https://dblp.org}
}

@inproceedings{DBLP:conf/tacas/BarbosaBBKLMMMN22,
  author       = {Haniel Barbosa and
                  Clark W. Barrett and
                  Martin Brain and
                  Gereon Kremer and
                  Hanna Lachnitt and
                  Makai Mann and
                  Abdalrhman Mohamed and
                  Mudathir Mohamed and
                  Aina Niemetz and
                  Andres N{\"{o}}tzli and
                  Alex Ozdemir and
                  Mathias Preiner and
                  Andrew Reynolds and
                  Ying Sheng and
                  Cesare Tinelli and
                  Yoni Zohar},
  editor       = {Dana Fisman and
                  Grigore Rosu},
  title        = {cvc5: {A} Versatile and Industrial-Strength {SMT} Solver},
  booktitle    = {Tools and Algorithms for the Construction and Analysis of Systems
                  - 28th International Conference, {TACAS} 2022, Held as Part of the
                  European Joint Conferences on Theory and Practice of Software, {ETAPS}
                  2022, Munich, Germany, April 2-7, 2022, Proceedings, Part {I}},
  series       = {Lecture Notes in Computer Science},
  volume       = {13243},
  pages        = {415--442},
  publisher    = {Springer},
  year         = {2022},
  url          = {https://doi.org/10.1007/978-3-030-99524-9\_24},
  doi          = {10.1007/978-3-030-99524-9\_24},
  timestamp    = {Fri, 29 Apr 2022 14:50:36 +0200},
  biburl       = {https://dblp.org/rec/conf/tacas/BarbosaBBKLMMMN22.bib},
  bibsource    = {dblp computer science bibliography, https://dblp.org}
}
